@article{ref_riemann1,
author={Bernhard Riemann},
title={\href{run:./ref/Bernard-Riemann___on_the_number_of_primes_less_than_a_given_magnitude.pdf}{On the Number of Prime Numbers less than a Given Quantity}},
year={1859}
}

@article{ref_edwards,
author={Harold Edwards},
title={Riemann's zeta function},
year={1974}
}

@article{ref_menici,
author={Lorenzo Menici},
title={\href{run:./ref/Lorenzo-Menici___zero_of_the_riemann_zeta_function_on_the_critical_line.pdf}{Zeros of the Riemann Zeta-function on the critical line}},
year={2012}
}

@article{ref_titshmarch,
author={Edward Charles Titshmarch},
title={\href{run:./ref/Edward-Charles_Titshmarch___the_theory_of_the_riemann_zeta_function.pdf}{The theory of the Riemann zeta function}},
year={1986}
}

@article{ref_bateman1,
author={Harry Bateman},
title={\href{run:./ref/Harry-Bateman___Integrals_transforms_vol1.pdf}{Integrals transforms volume 1}},
year={1954}
}

@article{ref_bateman2,
author={Harry Bateman},
title={\href{run:./ref/Harry-Bateman___Integrals_transforms_vol2.pdf}{Integrals transforms volume 2}},
year={1954}
}

@article{ref_sean_li,
author={Sean Li},
title={\href{run:./ref/Sean-Li___riemann_explicit_formula.pdf}{Riemann Explicit Formula}},
year={2012}
}